<?xml version="1.0" encoding="UTF-8"?><record xmlns="http://www.loc.gov/MARC21/slim" xmlns:cinclude="http://apache.org/cocoon/include/1.0" xmlns:zs="http://www.loc.gov/zing/srw/">
  <leader>00357nz  a2200121n  4500</leader>
  <controlfield tag="001">n  92088133 </controlfield>
  <controlfield tag="003">DLC</controlfield>
  <controlfield tag="005">19920901172701.8</controlfield>
  <controlfield tag="008">920901n| acannaab|          |n aaa |||  </controlfield>
  <datafield tag="010" ind1=" " ind2=" ">
    <subfield code="a">n  92088133 </subfield>
  </datafield>
  <datafield tag="040" ind1=" " ind2=" ">
    <subfield code="a">DLC</subfield>
    <subfield code="c">DLC</subfield>
  </datafield>
  <datafield tag="100" ind1="1" ind2="0">
    <subfield code="a">Frankl, Thomas,</subfield>
    <subfield code="d">1959-</subfield>
  </datafield>
  <datafield tag="670" ind1=" " ind2=" ">
    <subfield code="a">His Amerikanische IWF-Politik, c1991:</subfield>
    <subfield code="b">t.p. (Thomas Frankl) cover p. 4 (b. 1959 in Luxemburg; Dr.)</subfield>
  </datafield>
</record>